%# -*- coding: utf-8-unix -*-

@article{iso2004mechanical,
  title={Mechanical vibration-Vibration of rotating machinery equipped with active magnetic bearings-part 3: Evaluation of stability margin},
  author={ISO, Standard},
  journal={ISO 14839-3: 2006 (E)},
  year={2004}
}

@inproceedings{srinivasan1990analysis,
  title={Analysis and design of repetitive control systems using the regeneration spectrum},
  author={Srinivasan, K and Shaw, F-R},
  booktitle={1990 American Control Conference},
  pages={1150--1155},
  year={1990},
  organization={IEEE}
}

@article{francis1975internal,
  title={The internal model principle for linear multivariable regulators},
  author={Francis, Bruce A and Wonham, William M},
  journal={Applied mathematics and optimization},
  volume={2},
  number={2},
  pages={170--194},
  year={1975},
  publisher={Springer}
}

@article{xu2015field,
  title={Field balancing and harmonic vibration suppression in rigid AMB-rotor systems with rotor imbalances and sensor runout},
  author={Xu, Xiangbo and Chen, Shao},
  journal={Sensors},
  volume={15},
  number={9},
  pages={21876--21897},
  year={2015},
  publisher={Multidisciplinary Digital Publishing Institute}
}

@article{liu2015field,
  title={Field dynamic balancing for rigid rotor-AMB system in a magnetically suspended flywheel},
  author={Liu, Chao and Liu, Gang},
  journal={IEEE/ASME Transactions on Mechatronics},
  volume={21},
  number={2},
  pages={1140--1150},
  year={2015},
  publisher={IEEE}
}

@article{fang2013field,
  title={Field balancing of magnetically levitated rotors without trial weights},
  author={Fang, Jiancheng and Wang, Yingguang and Han, Bangcheng and Zheng, Shiqiang},
  journal={Sensors},
  volume={13},
  number={12},
  pages={16000--16022},
  year={2013},
  publisher={Multidisciplinary Digital Publishing Institute}
}

@article{wang2014field,
  title={A field balancing technique based on virtual trial-weights method for a magnetically levitated flexible rotor},
  author={Wang, Yingguang and Fang, Jiancheng and Zheng, Shiqiang},
  journal={Journal of Engineering for Gas Turbines and Power},
  volume={136},
  number={9},
  pages={092502},
  year={2014},
  publisher={American Society of Mechanical Engineers}
}


@article{ranjan2019application,
  title={Application of active magnetic bearings for in situ flexible rotor residual balancing using a novel generalized influence coefficient method},
  author={Ranjan, Gyan and Tiwari, Rajiv},
  journal={Inverse Problems in Science and Engineering},
  volume={27},
  number={7},
  pages={943--968},
  year={2019},
  publisher={Taylor \& Francis}
}

@article{john2009relationship,
  title={Relationship of influence coefficients between static-couple and multiplane methods on two-plane balancing},
  author={John, J Yu},
  journal={Journal of Engineering for Gas Turbines and Power},
  volume={131},
  number={1},
  pages={012508},
  year={2009},
  publisher={American Society of Mechanical Engineers}
}

@article{zhou2006zero,
  title={Zero-phase odd-harmonic repetitive controller for a single-phase PWM inverter},
  author={Zhou, Keliang and Low, Kay-Soon and Wang, Danwei and Luo, Fang-Lin and Zhang, Bin and Wang, Yigang},
  journal={IEEE Transactions on Power Electronics},
  volume={21},
  number={1},
  pages={193--201},
  year={2006},
  publisher={IEEE}
}

@article{cui2016suppression,
  title={Suppression of harmonic current in active--passive magnetically suspended CMG using improved repetitive controller},
  author={Cui, Peiling and Li, Sheng and Zhao, Guangzai and Peng, Cong},
  journal={IEEE/ASME Transactions on Mechatronics},
  volume={21},
  number={4},
  pages={2132--2141},
  year={2016},
  publisher={IEEE}
}

@article{xu2015model,
  title={Model development and harmonic current reduction in active magnetic bearing systems with rotor imbalance and sensor runout},
  author={Xu, Xiangbo and Fang, Jiancheng and Liu, Gang and Zhang, Huijuan},
  journal={Journal of Vibration and Control},
  volume={21},
  number={13},
  pages={2520--2535},
  year={2015},
  publisher={SAGE Publications Sage UK: London, England}
}

@article{zhou2008plug,
  title={Plug-in dual-mode-structure repetitive controller for CVCF PWM inverters},
  author={Zhou, Keliang and Wang, Danwei and Zhang, Bin and Wang, Yigang},
  journal={IEEE Transactions on Industrial Electronics},
  volume={56},
  number={3},
  pages={784--791},
  year={2008},
  publisher={IEEE}
}

@article{mahdi2017harmonic,
  title={Harmonic disturbance attenuation in a three-pole active magnetic bearing test rig using a modified notch filter},
  author={Mahdi Darbandi, S and Behzad, Mehdi and Salarieh, Hassan and Mehdigholi, Hamid},
  journal={Journal of Vibration and Control},
  volume={23},
  number={5},
  pages={770--781},
  year={2017},
  publisher={SAGE Publications Sage UK: London, England}
}

@article{peng2016frequency,
  title={Frequency-varying current harmonics for active magnetic bearing via multiple resonant controllers},
  author={Peng, Cong and Sun, Jinji and Song, Xinda and Fang, Jiancheng},
  journal={IEEE Transactions on Industrial Electronics},
  volume={64},
  number={1},
  pages={517--526},
  year={2016},
  publisher={IEEE}
}

@inproceedings{peng2016synchronous,
  title={Synchronous vibration control for magnetically suspended flywheel by a robust resonant controller},
  author={Peng, Cong},
  booktitle={2016 35th Chinese Control Conference (CCC)},
  pages={6381--6385},
  year={2016},
  organization={IEEE}
}

@article{崔培玲2015基于相移陷波器的磁轴承不平衡振动全频自适应控制,
  title={基于相移陷波器的磁轴承不平衡振动全频自适应控制},
  author={崔培玲 and 赵光再 and 房建成 and 李海涛},
  journal={振动与冲击},
  volume={34},
  number={20},
  pages={16--20},
  year={2015}
}

@article{缪存孝2014含转子不平衡的磁轴承建模与同频电流抑制,
  title={含转子不平衡的磁轴承建模与同频电流抑制},
  author={缪存孝 and 徐向波 and 刘强},
  journal={振动. 测试与诊断},
  volume={34},
  number={6},
  pages={1057--1064},
  year={2014}
}

@inproceedings{xu2012stability,
  title={Stability analysis and imbalance compensation for active magnetic bearing with gyroscopic effects},
  author={Xu, Xiangbo and Fang, Jiancheng and Wei, Tong},
  booktitle={2012 8th IEEE International Symposium on Instrumentation and Control Technology (ISICT) Proceedings},
  pages={295--300},
  year={2012},
  organization={IEEE}
}

@inproceedings{vahedforough2007estimation,
  title={Estimation and rejection of unknown sinusoidal disturbances using a generalized adaptive forced balancing method},
  author={Vahedforough, Elnaz and Shafai, Bahram and Beale, Stuart},
  booktitle={2007 American Control Conference},
  pages={3529--3534},
  year={2007},
  organization={IEEE}
}

@article{彭晓军2006磁电轴承中抑制不平衡振动的陷波滤波器设计方法,
  title={磁电轴承中抑制不平衡振动的陷波滤波器设计方法},
  author={彭晓军 and 高钟毓 and 王永樑},
  journal={机械工程学报},
  volume={42},
  number={6},
  pages={120--123},
  year={2006}
}

@article{matras2006suppression,
  title={Suppression of persistent rotor vibrations using adaptive techniques},
  author={Matras, Alex L and Flowers, George T and Fuentes, Robert and Balas, Mark and Fausz, Jerry},
  journal={Journal of Vibration and Acoustics},
  volume={128},
  number={6},
  pages={682--689},
  year={2006},
  publisher={American Society of Mechanical Engineers}
}

@article{bi2005automatic,
  title={Automatic learning control for unbalance compensation in active magnetic bearings},
  author={Bi, Chao and Wu, Dezheng and Jiang, Quan and Liu, Zhejie},
  journal={IEEE Transactions on Magnetics},
  volume={41},
  number={7},
  pages={2270--2280},
  year={2005},
  publisher={IEEE}
}

@article{shi2004synchronous,
  title={Synchronous disturbance attenuation in magnetic bearing systems using adaptive compensating signals},
  author={Shi, Juan and Zmood, R and Qin, L},
  journal={Control Engineering Practice},
  volume={12},
  number={3},
  pages={283--290},
  year={2004},
  publisher={Elsevier}
}

@inproceedings{shi2002direct,
  title={The direct method for adaptive feed-forward vibration control of magnetic bearing systems},
  author={Shi, Juan and Zmood, Ron and Qin, LiJiang},
  booktitle={7th International Conference on Control, Automation, Robotics and Vision, 2002. ICARCV 2002.},
  volume={2},
  pages={675--680},
  year={2002},
  organization={IEEE}
}

@inproceedings{markert2002unbalance,
  title={Unbalance compensation on flexible rotors by magnetic bearings using transfer functions},
  author={Markert, Richard and Skricka, Norbert and Zhang, Xiantong},
  booktitle={Proc. 8th International Symposium on Magnetic Bearings, Mito, Japan},
  pages={417--422},
  year={2002}
}

@inproceedings{nonami1999adaptive,
  title={Adaptive unbalance vibration control of magnetic bearing system using frequency estimation for multiple periodic disturbances with noise},
  author={Nonami, Kenzo and Liu, Zi-he},
  booktitle={Proceedings of the 1999 IEEE International Conference on Control Applications (Cat. No. 99CH36328)},
  volume={1},
  pages={576--581},
  year={1999},
  organization={IEEE}
}


@article{nonami1998unbalance,
  title={Unbalance vibration control of magnetic bearing systems using adaptive algorithm with disturbance frequency estimation},
  author={Nonami, Kenzo and Fan, Qi-fu and Ueyama, Hirochika},
  journal={JSME International Journal Series C Mechanical Systems, Machine Elements and Manufacturing},
  volume={41},
  number={2},
  pages={220--226},
  year={1998},
  publisher={The Japan Society of Mechanical Engineers}
}

@article{na1997adaptive,
  title={An adaptive feedforward controller for rejection of periodic disturbances},
  author={Na, H-S and Park, Youngjin},
  journal={Journal of Sound and Vibration},
  volume={201},
  number={4},
  pages={427--435},
  year={1997},
  publisher={Elsevier}
}

@article{matsumura1996application,
  title={Application of gain scheduled H/sub/spl infin//robust controllers to a magnetic bearing},
  author={Matsumura, Fumio and Namerikawa, Toru and Hagiwara, Kazuhiko and Fujita, Masayuki},
  journal={IEEE Transactions on Control Systems Technology},
  volume={4},
  number={5},
  pages={484--493},
  year={1996},
  publisher={IEEE}
}

@article{herzog1996unbalance,
  title={Unbalance compensation using generalized notch filters in the multivariable feedback of magnetic bearings},
  author={Herzog, Raoul and Buhler, Philipp and Gahler, Conrad and Larsonneur, Rene},
  journal={IEEE Transactions on control systems technology},
  volume={4},
  number={5},
  pages={580--586},
  year={1996},
  publisher={IEEE}
}


@article{mohamed1995imbalance,
  title={Imbalance compensation and automation balancing in magnetic bearing systems using the Q-parameterization theory},
  author={Mohamed, Abdelfatah M and Busch-Vishniac, Ilene},
  journal={IEEE Transactions on Control Systems Technology},
  volume={3},
  number={2},
  pages={202--211},
  year={1995},
  publisher={IEEE}
}

@inproceedings{taguchi1994unbalance,
  title={Unbalance compensation of magnetic bearings},
  author={Taguchi, N and Ishimatsu, T and Woo, SJ and Gaehler, C},
  booktitle={Proceedings of IECON'94-20th Annual Conference of IEEE Industrial Electronics},
  volume={3},
  pages={2051--2056},
  year={1994},
  organization={IEEE}
}  

@article{knospe1993adaptive,
  title={Adaptive on-line rotor balancing using digital control},
  author={Knospe, CR},
  journal={Proc. MAG93},
  volume={153},
  year={1993}
}  

@article{burrows1989active,
  title={Active vibration control of flexible rotors: an experimental and theoretical study},
  author={Burrows, CR and Sahinkaya, MN and Clements, S},
  journal={Proceedings of the Royal Society of London. A. Mathematical and Physical Sciences},
  volume={422},
  number={1862},
  pages={123--146},
  year={1989},
  publisher={The Royal Society London}
}

@article{burrows1983vibration,
  title={Vibration control of multi-mode rotor-bearing systems},
  author={Burrows, CR and Sahinkaya, MN},
  journal={Proceedings of the Royal Society of London. A. Mathematical and Physical Sciences},
  volume={386},
  number={1790},
  pages={77--94},
  year={1983},
  publisher={The Royal Society London}
}


@article{赵雷1999可控磁悬浮轴承刚度与阻尼特性研究,
  title={可控磁悬浮轴承刚度与阻尼特性研究},
  author={赵雷 and 丛华},
  journal={清华大学学报: 自然科学版},
  volume={39},
  number={4},
  pages={96--99},
  year={1999}
}

@article{杨晟2010轴流式磁悬浮人工心脏泵驱动电机的研究,
  title={轴流式磁悬浮人工心脏泵驱动电机的研究},
  author={杨晟 and 刘淑琴 and 关勇},
  journal={中国机械工程},
  volume={21},
  number={8},
  pages={893--896},
  year={2010}
}

@article{关勇2010轴流式磁悬浮人工心脏泵磁悬浮轴承系统设计,
  title={轴流式磁悬浮人工心脏泵磁悬浮轴承系统设计},
  author={关勇 and 李红伟 and 刘淑琴},
  journal={山东大学学报 (工学版)},
  volume={41},
  number={1},
  pages={151--155},
  year={2010}
}

@phdthesis{周红海2006分子泵磁悬浮轴承结构及功率放大器设计,
  title={分子泵磁悬浮轴承结构及功率放大器设计},
  author={周红海},
  year={2006},
  school={哈尔滨: 哈尔滨工业大学}
}

@article{张钢2005磁悬浮支承技术在机床中的应用,
  title={磁悬浮支承技术在机床中的应用},
  author={张钢 and 白华 and 王春兰 and 周罡},
  journal={机械工程师},
  number={8},
  pages={15--20},
  year={2005}
}

@article{苏义鑫2004磁悬浮轴承的变参数,
  title={磁悬浮轴承的变参数 PID 控制},
  author={苏义鑫 and 王娟 and 胡业发},
  journal={武汉理工大学学报: 信息与管理工程版},
  volume={26},
  number={2},
  pages={35--37},
  year={2004}
}

@article{刘晓军2006人工心脏泵磁悬浮转子非线性特性及控制方法研究,
  title={人工心脏泵磁悬浮转子非线性特性及控制方法研究},
  author={刘晓军 and 刘小英 and 胡业发 and 骆清铭},
  journal={中國機械工程},
  volume={17},
  number={20},
  pages={2091--2094},
  year={2006},
  publisher={中國機械工程雜誌社}
}

@article{曾励1999永磁偏置的混合磁悬浮轴承的研究,
  title={永磁偏置的混合磁悬浮轴承的研究},
  author={曾励 and 朱晃秋},
  journal={中国机械工程},
  volume={10},
  number={4},
  pages={387--389},
  year={1999}
}

@article{朱熀秋2002永磁偏置径向,
  title={永磁偏置径向—轴向磁悬浮轴承工作原理和参数设计},
  author={朱熀秋 and 袁寿其 and 李冰 and 孙玉坤 and 王德明 and 严仰光},
  journal={中国电机工程学报},
  volume={22},
  number={9},
  pages={54--58},
  year={2002}
}


@article{丛华1999电涡流传感器动态响应特性研究,
  title={电涡流传感器动态响应特性研究},
  author={丛华 and 张德魁},
  journal={仪表技术与传感器},
  number={9},
  pages={1-3},
  year={1999},
}

@article{黄晓蔚1998数字控制的有源磁悬浮轴承的实验研究,
  title={数字控制的有源磁悬浮轴承的实验研究},
  author={黄晓蔚 and 唐钟麟 and 冯志华 and 吴瑞峰},
  journal={机械科学与技术},
  number={6},
  pages={1011-1013},
  year={1998},
}

@article{赵雷1996径向磁悬浮轴承结构特性研究及其模型的建立,
  title={径向磁悬浮轴承结构特性研究及其模型的建立},
  author={赵雷 and 张士义},
  journal={机床与液压},
  number={5},
  pages={35-37},
  year={1996},
}

@article{赵雷1996可控磁悬浮轴承刚度的提高与大范围稳定性,
  title={可控磁悬浮轴承刚度的提高与大范围稳定性},
  author={赵雷 and 刘晋春 and 张士义},
  journal={组合机床与自动化加工技术},
  number={7},
  pages={24--27},
  year={1996}
}

@article{李黎川1992磁悬浮轴承物理模型的降阶及非线性改善,
  title={磁悬浮轴承物理模型的降阶及非线性改善},
  author={李黎川 and 谢友柏},
  journal={西安交通大学学报},
  number={4},
  pages={25-30},
  year={1992},
}  

@article{杨泉林1988状态反馈去耦原理在磁悬浮轴承设计中的应用,
  title={状态反馈去耦原理在磁悬浮轴承设计中的应用},
  author={杨泉林},
  journal={自动化学报},
  volume={14},
  number={2},
  pages={88-96},
  year={1988},
}  

@article{de2006clinical,
  title={Clinical performance with the Levitronix Centrimag short-term ventricular assist device},
  author={De Robertis, Fabio and Birks, EJ and Rogers, P and Dreyfus, G and Pepper, JR and Khaghani, A},
  journal={The Journal of heart and lung transplantation},
  volume={25},
  number={2},
  pages={181--186},
  year={2006},
  publisher={Elsevier}
}

@article{hetzer2004first,
  title={First experiences with a novel magnetically suspended axial flow left ventricular assist device},
  author={Hetzer, Roland and Weng, Yuguo and Potapov, Evgenij V and Pasic, Miralem and Drews, Thorsten and Jurmann, Michael and Hennig, Ewald and M{\"u}ller, Johannes},
  journal={European Journal of cardio-thoracic surgery},
  volume={25},
  number={6},
  pages={964--970},
  year={2004},
  publisher={Elsevier Science BV}
}  


@article{nojiri1997more,
  title={More than 1 year continuous operation of a centrifugal pump with a magnetically suspended impeller.},
  author={Nojiri, C and Kijima, T and Maekawa, J and Horiuchi, K and Kido, T and Sugiyama, T and Mori, T and Sugiura, N and Asada, T and Shimane, H and others},
  journal={ASAIO journal (American Society for Artificial Internal Organs: 1992)},
  volume={43},
  number={5},
  pages={M548--52},
  year={1997}
}

@inproceedings{ota1990monitoring,
  title={Monitoring and actuating function of the internal grinding spindle with magnetic bearing},
  author={Ota, Masato and Ando, Sigenori and Oshima, Jin-ichiro},
  booktitle={Proc. 2nd Int. Symp. Magnetic Bearing},
  pages={205--210},
  year={1990}
}  
@techreport{siegwart1990design,
  title={Design and performance of a high speed milling spindle in digitally controlled active magnetic bearings},
  author={Siegwart, Roland and Larsonneur, R and Traxler, A},
  year={1990}
}

@article{patent19571186527,
  title={1186527},
  author={Patent, French},
  journal={Totally active magnetic suspension system},
  year={1957},
  publisher={Societe’D exploitation Des Materiels Hispano-Suiza}
}

@article{kemper1937schwebebahn,
  title={Schwebebahn mit r{\"a}derlosen Fahrzeugen, die an eisernen Fahrschienen mittels magnetischer Felder schwebend entlang gef{\"u}hrt werden},
  author={Kemper, H},
  journal={Germany Patent},
  year={1937}
}

@article{earnshaw1842nature,
  title={On the nature of the molecular forces which regulate the constitution of the luminferous ether},
  author={Earnshaw, Samuel},
  journal={Trans. Camb. Phil. Soc.},
  volume={7},
  pages={97--112},
  year={1842}
}


